@article{assran2023self,
  title={Self-Supervised Learning from Images with a Joint-Embedding Predictive Architecture},
  author={Assran, Mahmoud and Duval, Quentin and Misra, Ishan and Bojanowski, Piotr and Vincent, Pascal and Rabbat, Michael and LeCun, Yann and Ballas, Nicolas},
  journal={arXiv preprint arXiv:2301.08243},
  year={2023}
}

@article{chen2020simple,
  title={A Simple Framework for Contrastive Learning of Visual Representations},
  author={Chen, Ting and Kornblith, Simon and Norouzi, Mohammad and Hinton, Geoffrey},
  journal={arXiv preprint arXiv:2002.05709},
  year={2020}
}

@article{grill2020bootstrap,
  title={Bootstrap Your Own Latent: A New Approach to Self-Supervised Learning},
  author={Grill, Jean-Bastien and Strub, Florian and Altché, Florent and Tallec, Corentin and Richemond, Pierre H and Buchatskaya, Elena and Doersch, Carl and Pires, Bernardo Avila and Guo, Zhaohan Daniel and Azar, Mohammad Gheshlaghi and others},
  journal={arXiv preprint arXiv:2006.07733},
  year={2020}
}

@article{he2021masked,
  title={Masked Autoencoders Are Scalable Vision Learners},
  author={He, Kaiming and Chen, Xinlei and Xie, Saining and Li, Yanghao and Dollár, Piotr and Girshick, Ross},
  journal={arXiv preprint arXiv:2111.06377},
  year={2021}
}

@article{zhu2025ad,
  title={AD-L-JEPA: Self-Supervised Spatial World Models with Joint Embedding Predictive Architecture for Autonomous Driving with LiDAR Data},
  author={Zhu, Haoran and Dong, Zhenyuan and Topollai, Kristi and Choromanska, Anna},
  journal={arXiv preprint arXiv:2501.04969},
  year={2025}
}

@article{juneja2024dino,
  title={DINO Pre-Training for Vision-Based End-to-End Autonomous Driving},
  author={Juneja, Shubham and Daniušis, Povilas and Marcinkevičius, Virginijus},
  journal={arXiv preprint arXiv:2407.10803},
  year={2024}
}

@article{wu2023policy,
  title={Policy Pre-Training for Autonomous Driving via Self-Supervised Geometric Modeling},
  author={Wu, Penghao and Chen, Li and Li, Hongyang and Jia, Xiaosong and Yan, Junchi and Qiao, Yu},
  journal={arXiv preprint arXiv:2301.01006},
  year={2023}
}