@inproceedings{assran2023ijepa,
  title={Self-Supervised Learning from Images with a Joint-Embedding Predictive Architecture},
  author={Assran, Mahmoud and Duval, Quentin and Misra, Ishan and Bojanowski, Piotr and Vincent, Pascal and Rabbat, Michael and LeCun, Yann and Ballas, Nicolas},
  booktitle={Proceedings of the IEEE/CVF International Conference on Computer Vision (ICCV)},
  year={2023},
  note={arXiv:2301.08243},
  url={https://doi.org/10.48550/arXiv.2301.08243}
}

@inproceedings{chen2020simple,
  title={A Simple Framework for Contrastive Learning of Visual Representations},
  author={Chen, Ting and Kornblith, Simon and Norouzi, Mohammad and Hinton, Geoffrey},
  booktitle={Proceedings of the 37th International Conference on Machine Learning (ICML)},
  year={2020},
  note={arXiv:2002.05709},
  url={https://doi.org/10.48550/arXiv.2002.05709}
}

@article{chitta2023transfuser,
  title={TransFuser: Imitation with Transformer-Based Sensor Fusion for Autonomous Driving},
  author={Chitta, Kashyap and Prakash, Aditya and Jaeger, Bernhard and Yu, Zehao and Renz, Katrin and Geiger, Andreas},
  journal={arXiv preprint arXiv:2205.15997},
  year={2022},
  url={https://doi.org/10.48550/arXiv.2205.15997}
}

@inproceedings{dauner2024navsim,
  title={NAVSIM: Data-Driven Non-Reactive Autonomous Vehicle Simulation and Benchmarking},
  author={Dauner, Daniel and Hallgarten, Marcel and Li, Tianyu and Weng, Xinshuo and Huang, Zhiyu and Yang, Zetong and Li, Hongyang and Gilitschenski, Igor and Ivanovic, Boris and Pavone, Marco and Geiger, Andreas and Chitta, Kashyap},
  booktitle={Proceedings of the IEEE/CVF Conference on Computer Vision and Pattern Recognition (CVPR)},
  year={2024},
  note={\url{https://github.com/autonomousvision/navsim}}
}

@inproceedings{dosovitskiy2020vit,
  title={An Image is Worth 16x16 Words: Transformers for Image Recognition at Scale},
  author={Dosovitskiy, Alexey and Beyer, Lucas and Kolesnikov, Alexander and Weissenborn, Dirk and Zhai, Xiaohua and Unterthiner, Thomas and Dehghani, Mostafa and Minderer, Matthias and Heigold, Georg and Gelly, Sylvain and Uszkoreit, Jakob and Houlsby, Neil},
  booktitle={Proceedings of the International Conference on Learning Representations (ICLR)},
  year={2021},
  note={arXiv:2010.11929},
  url={https://doi.org/10.48550/arXiv.2010.11929}
}

@article{grill2020bootstrap,
  title={Bootstrap Your Own Latent: A New Approach to Self-Supervised Learning},
  author={Grill, Jean-Bastien and Strub, Florian and Altch{\'e}, Florent and Tallec, Corentin and Richemond, Pierre H and Buchatskaya, Elena and Doersch, Carl and Avila Pires, Bernardo and Guo, Zhaohan Daniel and Azar, Mohammad Gheshlaghi and Piot, Bilal and Kavukcuoglu, Koray and Munos, R{\'e}mi and Valko, Michal},
  journal={arXiv preprint arXiv:2006.07733},
  year={2020},
  url={https://doi.org/10.48550/arXiv.2006.07733}
}

@inproceedings{hallgarten2023pdm,
  title={Parting with Misconceptions about Learning-based Vehicle Motion Planning},
  author={Dauner, Daniel and Hallgarten, Marcel and Geiger, Andreas and Chitta, Kashyap},
  booktitle={Proceedings of the 7th Conference on Robot Learning (CoRL)},
  year={2023},
  note={arXiv:2306.07962},
  url={https://doi.org/10.48550/arXiv.2306.07962}
}

@article{he2022mae,
  title={Masked Autoencoders Are Scalable Vision Learners},
  author={He, Kaiming and Chen, Xinlei and Xie, Saining and Li, Yanghao and Doll{\'a}r, Piotr and Girshick, Ross},
  journal={arXiv preprint arXiv:2111.06377},
  year={2021},
  url={https://doi.org/10.48550/arXiv.2111.06377}
}

@article{juneja2024dino,
  title={DINO Pre-training for Vision-based End-to-end Autonomous Driving},
  author={Juneja, Shubham and Daniu{\v{s}}is, Povilas and Marcinkevi{\v{c}}ius, Virginijus},
  journal={Baltic Journal of Modern Computing},
  volume={12},
  number={4},
  pages={374--386},
  year={2024},
  doi={10.22364/bjmc.2024.12.4.02},
  note={Also available as arXiv:2407.10803},
  url={https://doi.org/10.48550/arXiv.2407.10803}
}

@inproceedings{loshchilov2017decoupled,
  title={Decoupled Weight Decay Regularization},
  author={Loshchilov, Ilya and Hutter, Frank},
  booktitle={Proceedings of the 7th International Conference on Learning Representations (ICLR)},
  year={2019},
  note={arXiv:1711.05101},
  url={https://doi.org/10.48550/arXiv.1711.05101}
}

@misc{OpenScene2023,
  title={OpenScene: The Largest Up-to-Date 3D Occupancy Prediction Benchmark in Autonomous Driving},
  author={{OpenScene Contributors}},
  year={2023},
  note={\url{https://github.com/OpenDriveLab/OpenScene}}
}

@article{zhairet2023rethinking,
  title={Rethinking the Open-Loop Evaluation of End-to-End Autonomous Driving in nuScenes},
  author={Zhai, Jiang-Tian and Feng, Ze and Du, Jinhao and Mao, Yongqiang and Liu, Jiang-Jiang and Tan, Zichang and Zhang, Yifu and Ye, Xiaoqing and Wang, Jingdong},
  journal={arXiv preprint arXiv:2305.10430},
  year={2023},
  url={https://doi.org/10.48550/arXiv.2305.10430}
}

@article{adljepa2025,
  title={AD-L-JEPA: Self-Supervised Spatial World Models with Joint Embedding Predictive Architecture for Autonomous Driving with LiDAR Data},
  author={Zhu, Haoran and Dong, Zhenyuan and Topollai, Kristi and Choromanska, Anna},
  journal={arXiv preprint arXiv:2501.04969},
  year={2025},
  url={https://doi.org/10.48550/arXiv.2501.04969}
}